
@Online{breast,
	organization = {UCI},
	url = {https://archive.ics.uci.edu/ml/datasets/Breast+Cancer+Wisconsin+(Original)},
	author = {William Wolber},
	year = {1992},
	title = {Breast Cancer Wisconsin Data Set}
}

@Online{openSUSE,
	year = {2018},
	title = {openSUSE},
	url = {https://www.opensuse.org/}
}

@Online{putty,
	url = {https://www.putty.org/},
	author = {Simon Tatham},
	year = {2018},
	title = {PuTTY}
}

@Comment{
Local Variables:
bibtex-dialect: biblatex
End:
}

