
@Online{openSUSE,
	year = {2018},
	title = {openSUSE},
	url = {https://www.opensuse.org/}
}

@Online{putty,
	url = {https://www.putty.org/},
	author = {Simon Tatham},
	year = {2018},
	title = {PuTTY}
}

@Comment{
Local Variables:
bibtex-dialect: biblatex
End:
}

